<record><leader>00000cas a22000007a 4500</leader><controlfield tag="001">15176463</controlfield><controlfield tag="007">hd afu---buca</controlfield><controlfield tag="008">870210c19599999nyudn nea     0   a0eng d</controlfield><datafield ind1=" " ind2=" " tag="010"><subfield code="a">sn 90039546 </subfield></datafield><datafield ind1=" " ind2=" " tag="040"><subfield code="a">UDI</subfield><subfield code="b">eng</subfield><subfield code="c">UDI</subfield><subfield code="d">GWL</subfield><subfield code="d">HUL</subfield><subfield code="d">NST</subfield><subfield code="d">WAU</subfield><subfield code="d">OCLCQ</subfield><subfield code="d">OCLCF</subfield><subfield code="d">OCLCO</subfield><subfield code="d">OCLCQ</subfield><subfield code="d">NLC</subfield></datafield><datafield ind1=" " ind2=" " tag="012"><subfield code="i">9101</subfield></datafield><datafield ind1=" " ind2=" " tag="016"><subfield code="a">(AMICUS)000008310383</subfield></datafield><datafield ind1=" " ind2=" " tag="019"><subfield code="a">954224355</subfield></datafield><datafield ind1=" " ind2=" " tag="022"><subfield code="a">0099-9660</subfield><subfield code="l">0099-9660</subfield><subfield code="z">0043-0080</subfield><subfield code="2">1</subfield></datafield><datafield ind1="1" ind2=" " tag="029"><subfield code="a">AU@</subfield><subfield code="b">000025875353</subfield></datafield><datafield ind1=" " ind2=" " tag="030"><subfield code="a">WSJOAF</subfield></datafield><datafield ind1=" " ind2=" " tag="042"><subfield code="a">msc</subfield></datafield><datafield ind1=" " ind2=" " tag="043"><subfield code="a">n-us-ny</subfield></datafield><datafield ind1=" " ind2="4" tag="050"><subfield code="a">HG1</subfield><subfield code="b">.W34</subfield></datafield><datafield ind1="0" ind2=" " tag="130"><subfield code="a">Wall Street journal (Eastern ed.)</subfield></datafield><datafield ind1="0" ind2=" " tag="210"><subfield code="a">Wall St. j., East. ed.</subfield></datafield><datafield ind1=" " ind2="4" tag="222"><subfield code="a">The Wall Street journal. Eastern edition</subfield></datafield><datafield ind1="1" ind2="4" tag="245"><subfield code="a">The Wall Street journal.</subfield></datafield><datafield ind1=" " ind2=" " tag="250"><subfield code="a">Eastern ed.</subfield></datafield><datafield ind1=" " ind2=" " tag="260"><subfield code="a">New York, N.Y. :</subfield><subfield code="b">Dow Jones,</subfield><subfield code="c">1959-</subfield></datafield><datafield ind1=" " ind2=" " tag="300"><subfield code="a">volumes :</subfield><subfield code="b">illustrations ;</subfield><subfield code="c">58 cm</subfield></datafield><datafield ind1=" " ind2=" " tag="310"><subfield code="a">Daily (except Sat., Sun., general legal holidays)</subfield></datafield><datafield ind1=" " ind2=" " tag="336"><subfield code="a">text</subfield><subfield code="b">txt</subfield><subfield code="2">rdacontent</subfield></datafield><datafield ind1=" " ind2=" " tag="337"><subfield code="a">microform</subfield><subfield code="b">h</subfield><subfield code="2">rdamedia</subfield></datafield><datafield ind1=" " ind2=" " tag="338"><subfield code="a">microfilm reel</subfield><subfield code="b">hd</subfield><subfield code="2">rdacarrier</subfield></datafield><datafield ind1="0" ind2=" " tag="362"><subfield code="a">Vol. 153, no. 32 (Feb. 16, 1959)-</subfield></datafield><datafield ind1=" " ind2=" " tag="500"><subfield code="a">Some issues for &lt;Oct. 25, 1991-&gt; have slight subregional differences in content.</subfield></datafield><datafield ind1=" " ind2=" " tag="580"><subfield code="a">Midwest ed.: Wall Street journal (Midwest ed.), 1959-1996.</subfield></datafield><datafield ind1=" " ind2=" " tag="580"><subfield code="a">Southwest ed.: Wall Street journal (Southwest ed.), 1959-1996.</subfield></datafield><datafield ind1=" " ind2=" " tag="580"><subfield code="a">Central ed.: Wall Street journal (Central ed.), 1997-</subfield></datafield><datafield ind1=" " ind2=" " tag="580"><subfield code="a">Western ed.: Wall Street journal (Western ed.), &lt;1986&gt;-</subfield></datafield><datafield ind1=" " ind2=" " tag="580"><subfield code="a">European ed.: Wall Street journal (Europe), 1983-</subfield></datafield><datafield ind1=" " ind2=" " tag="580"><subfield code="a">Asian ed.: Asian Wall Street journal, 1976-</subfield></datafield><datafield ind1=" " ind2=" " tag="533"><subfield code="a">Microfilm.</subfield><subfield code="b">Ann Arbor, MI :</subfield><subfield code="c">University Microfilms International.</subfield><subfield code="e">microfilm reels ; 35 mm.</subfield></datafield><datafield ind1=" " ind2="0" tag="651"><subfield code="a">New York (N.Y.)</subfield><subfield code="v">Newspapers.</subfield></datafield><datafield ind1=" " ind2="7" tag="651"><subfield code="a">New York (State)</subfield><subfield code="z">New York.</subfield><subfield code="2">fast</subfield><subfield code="0">(OCoLC)fst01204333</subfield></datafield><datafield ind1=" " ind2="7" tag="655"><subfield code="a">Newspapers.</subfield><subfield code="2">fast</subfield><subfield code="0">(OCoLC)fst01423814</subfield></datafield><datafield ind1=" " ind2=" " tag="752"><subfield code="a">United States</subfield><subfield code="b">New York</subfield><subfield code="c">New York</subfield><subfield code="d">New York.</subfield></datafield><datafield ind1="1" ind2=" " tag="775"><subfield code="t">Wall Street journal (Midwest ed.)</subfield><subfield code="x">0163-089X</subfield></datafield><datafield ind1="1" ind2=" " tag="775"><subfield code="t">Wall Street journal (Southwest ed.)</subfield><subfield code="x">0193-225X</subfield></datafield><datafield ind1="1" ind2=" " tag="775"><subfield code="t">Wall Street journal (Central ed.)</subfield><subfield code="x">1092-0935</subfield><subfield code="w">(DLC)sn 96002949</subfield><subfield code="w">(OCoLC)36098632</subfield></datafield><datafield ind1="1" ind2=" " tag="775"><subfield code="t">Wall Street journal (Western ed.)</subfield><subfield code="x">0193-2241</subfield></datafield><datafield ind1="1" ind2=" " tag="775"><subfield code="t">Wall Street journal (Europe)</subfield><subfield code="x">0921-9986</subfield></datafield><datafield ind1="1" ind2=" " tag="775"><subfield code="t">Asian Wall Street journal</subfield><subfield code="x">0377-9920</subfield></datafield><datafield ind1="0" ind2="0" tag="780"><subfield code="t">Wall Street journal (New York, N.Y. : 1889)</subfield></datafield><datafield ind1=" " ind2=" " tag="850"><subfield code="a">MH</subfield><subfield code="a">ViW</subfield></datafield></record>